@misc{LOPDPGDD,
  title        = {Ley 34/2002},
  titleaddon   = {de 11 de julio, de servicios de la sociedad de la información y de comercio electrónico},
  howpublished = {Boletín Oficial del Estado núm. 166, de 12 de julio de 2002},
  journal      = {law},
  url          = {https://www.boe.es/eli/es/l/2002/07/11/34/con},
}


% @online{benji,
%   title         = {Mudanzas Benji},
%   year          = {2017},
%   url           = {https://www.mudanzasbenji.com/},
%   urldate       = {2024-10-10},
% }


